@book{McCool2012,
 author = {McCool, Michael and Reinders, James and Robison, Arch},
 title = {Structured Parallel Programming: Patterns for Efficient Computation},
 year = {2012},
 isbn = {9780123914439, 9780124159938},
 edition = {1st},
 publisher = {Morgan Kaufmann Publishers Inc.},
 address = {San Francisco, CA, USA},
} 

@misc{udacity:parallel, 
author = {David Luebke and John Owens and Mike Roberts and Cheng-Han Lee},
title = {Intro to Parallel Programming by NVIDIA},
howpublished = "\url{https://www.udacity.com/course/intro-to-parallel-programming--cs344}",
note = "Accessed 13/11/17",
}

@manual{cuda:programmingguide,
    address = {NVIDIA Corporation, 2701 San Tomas Expressway, Santa Clara, CA 95050},
    author = {Corporation, Nvidia},
    edition = {Version 3.2},
    keywords = {c, cuda, gpu, manual, parallel, parallel-programming, programming},
    priority = {2},
    title = {{NVIDIA CUDA C Programming Guide}},
    url = {http://developer.download.nvidia.com/compute/cuda/3\_2/toolkit/docs/CUDA\_C\_Programming\_Guide.pdf},
    year = {2010}
}

@techreport{BlellochTR90,
	author = "Guy~E. Blelloch",
	title = "Prefix Sums and Their Applications",
	institution = "School of Computer Science, Carnegie Mellon University",
	number = "CMU-CS-90-190",
	month = nov,
	year = 1990 }

@article{Hillis:1986:DPA:7902.7903,
	author = {Hillis, W. Daniel and Steele,Jr., Guy L.},
	title = {Data Parallel Algorithms},
	journal = {Commun. ACM},
	issue_date = {Dec. 1986},
	volume = {29},
	number = {12},
	month = dec,
	year = {1986},
	issn = {0001-0782},
	pages = {1170--1183},
	numpages = {14},
	url = {http://doi.acm.org/10.1145/7902.7903},
	doi = {10.1145/7902.7903},
	acmid = {7903},
	publisher = {ACM},
	address = {New York, NY, USA},
}
